<?xml version="1.0" encoding="UTF-8"?><collection xmlns="http://www.loc.gov/MARC21/slim"><record><leader>00509nam--2200193-i-4500</leader><controlfield tag="001">000036477</controlfield><controlfield tag="002">20161230</controlfield><controlfield tag="005">20161230201040</controlfield><controlfield tag="008">060222s1000------------r-----000-0-eng-d</controlfield><datafield ind1=" " ind2=" " tag="040"><subfield code="a">IFIN-HH</subfield></datafield><datafield ind1=" " ind2=" " tag="080"><subfield code="a">539</subfield></datafield><datafield ind1="1" ind2=" " tag="100"><subfield code="a">Pollard, Ernest</subfield></datafield><datafield ind1="1" ind2="0" tag="245"><subfield code="a">Applied nuclear physics</subfield><subfield code="c">Ernest pollard, william l. davidson</subfield></datafield><datafield ind1=" " ind2=" " tag="250"><subfield code="a">Tenth Printing</subfield></datafield><datafield ind1=" " ind2=" " tag="260"><subfield code="a">London</subfield><subfield code="b">John Wiley &amp; Sons, Inc</subfield><subfield code="c">1947</subfield></datafield><datafield ind1=" " ind2=" " tag="300"><subfield code="a">VII + 249P</subfield></datafield><datafield ind1="1" ind2=" " tag="700"><subfield code="a">Davidson, William L</subfield></datafield><datafield ind1=" " ind2=" " tag="852"><subfield code="a">44522</subfield></datafield><datafield ind1=" " ind2=" " tag="CAT"><subfield code="a">Sys</subfield><subfield code="c">20130410</subfield><subfield code="h">165813</subfield></datafield></record></collection>